@article{badia2015comp,
  title={Comp superscalar, an interoperable programming framework},
  author={Badia, Rosa M and Conejero, Javier and Diaz, Carlos and Ejarque, Jorge and Lezzi, Daniele and Lordan, Francesc and Ramon-Cortes, Cristian and Sirvent, Raul},
  journal={SoftwareX},
  volume={3},
  pages={32--36},
  year={2015},
  publisher={Elsevier}
}
